<?xml version="1.0" encoding="UTF-8"?>
<record xmlns="http://www.loc.gov/MARC21/slim" xmlns:xsi="http://www.w3.org/2001/XMLSchema-instance" xsi:schemaLocation="http://www.loc.gov/MARC21/slim http://www.loc.gov/standards/marcxml/schema/MARC21slim.xsd">
<leader>     nam a2200253 a 4500</leader>
<controlfield tag="001">002186291</controlfield>
<controlfield tag="003">NNU</controlfield>
<controlfield tag="005">20061010172446.0</controlfield>
<controlfield tag="008">941014s1904    ua a          000 1 araod</controlfield>
<datafield tag="035" ind1="9" ind2=" ">
<subfield code="a">NYUb11221864</subfield>
</datafield>
<datafield tag="035" ind1=" " ind2=" ">
<subfield code="a">(CStRLIN)NYUG94-B47830</subfield>
</datafield>
<datafield tag="040" ind1=" " ind2=" ">
<subfield code="a">CU</subfield>
<subfield code="c">CU</subfield>
<subfield code="d">NNU</subfield>
</datafield>
<datafield tag="066" ind1=" " ind2=" ">
<subfield code="c">(3</subfield>
</datafield>
<datafield tag="090" ind1=" " ind2=" ">
<subfield code="a">PJ7814.N8</subfield>
<subfield code="b">U7 1904</subfield>
</datafield>
<datafield tag="100" ind1="1" ind2=" ">
<subfield code="a">Anṭūn, Faraḥ,</subfield>
<subfield code="d">1874-1922</subfield>
<subfield code="6">880-01</subfield>
</datafield>
<datafield tag="245" ind1="1" ind2="0">
<subfield code="6">880-02</subfield>
<subfield code="a">Ūrūshlīm al-jadīdah, aw, Fatḥ al-ʻArab Bayt al-Maqdis :</subfield>
<subfield code="b">wa-al-rajul al-marīḍ wa-al-Isrāʼīlīyah al-jamīlah fīhā ... /</subfield>
<subfield code="c">tāʼlīf Faraḥ Anṭūn.</subfield>
</datafield>
<datafield tag="260" ind1=" " ind2=" ">
<subfield code="6">880-03</subfield>
<subfield code="a">[Alexandria] :</subfield>
<subfield code="b">al-Jāmiʻah,,</subfield>
<subfield code="c">[1904]</subfield>
</datafield>
<datafield tag="300" ind1=" " ind2=" ">
<subfield code="a">iv, 180 p. :</subfield>
<subfield code="b">ill. ;</subfield>
<subfield code="c">23 cm.</subfield>
</datafield>
<datafield tag="500" ind1=" " ind2=" ">
<subfield code="a">A novel.</subfield>
</datafield>
<datafield tag="500" ind1=" " ind2=" ">
<subfield code="a">Imprint wanting; imprint from Carl Brockelmann. Geschichte der arabischen Literatur. Supplement v. 3, p. 192-193.</subfield>
</datafield>
<datafield tag="740" ind1="0" ind2=" ">
<subfield code="a">Fatḥ al-ʻArab Bayt al-Maqdis.</subfield>
</datafield>
<datafield tag="880" ind1="0" ind2=" ">
<subfield code="6">100-01/</subfield>
<subfield code="a">فرح انطون.</subfield>
</datafield>
<datafield tag="880" ind1="1" ind2="0">
<subfield code="6">245-02/</subfield>
<subfield code="a">اوروشليم الجديدة، او، فتح العرب بيت المقدس :</subfield>
<subfield code="b">والرجل المريض والاسرائيلية الجميلة فيها ... /</subfield>
<subfield code="c">تأليف فرح انطون.</subfield>
</datafield>
<datafield tag="880" ind1=" " ind2=" ">
<subfield code="6">260-03/</subfield>
<subfield code="a">[Alexandria] :</subfield>
<subfield code="b">الجامعة،</subfield>
<subfield code="c">[١٩٠٤]</subfield>
</datafield>
<datafield tag="OWN" ind1=" " ind2=" ">
<subfield code="a">GENERAL</subfield>
</datafield>
<datafield tag="998" ind1=" " ind2=" ">
<subfield code="a">19941014</subfield>
<subfield code="d">19941014</subfield>
<subfield code="d">19950201</subfield>
<subfield code="n">NNU</subfield>
<subfield code="s">1</subfield>
<subfield code="t">c</subfield>
<subfield code="z">p</subfield>
</datafield>
<datafield tag="AVA" ind1=" " ind2=" ">
<subfield code="a">NYU50</subfield>
<subfield code="b">BOBST</subfield>
<subfield code="c">Main Collection</subfield>
<subfield code="d">PJ7814.N8 U7 1904</subfield>
<subfield code="e">unavailable</subfield>
<subfield code="t">Unavailable</subfield>
<subfield code="f">1</subfield>
<subfield code="g">1</subfield>
<subfield code="h">N</subfield>
<subfield code="i">0</subfield>
<subfield code="j">MAIN</subfield>
<subfield code="k">0</subfield>
</datafield>
</record>
